@book{kalbach2016mapping,
  title={Mapping Experiences: A Guide to Creating Value Through Journeys, Blueprints, and Diagrams},
  author={Kalbach, J. and Kalbach, J.},
  year={2016},
  publisher={O'Reilly Media, Incorporated}
}

@book{Griffiths2016_game_handbook,
address = {Singapore},
author = {Griffiths, Mark D and Pontes, Halley M},
doi = {10.1007/978-981-4560-52-8},
editor = {Nakatsu, Ryohei and Rauterberg, Matthias and Ciancarini, Paolo},,
pages = {1--22},
publisher = {Springer Singapore},
title = {{Handbook of Digital Games and Entertainment Technologies}},
year = {2016}
}

@Inbook{Ferri2017,
author= {Ferri, Gabriele},
editor={Nakatsu, Ryohei
and Rauterberg, Matthias
and Ciancarini, Paolo},
title={Place and ITV: Playful Design Strategies Towards Place-Oriented ITV},
bookTitle={Handbook of Digital Games and Entertainment Technologies},
year={2016},
publisher={Springer Singapore},
address={Singapore},
pages={1127--1155}
}

@Inbook{Blanchard2011,
author= {Blanchard, E. G and Frasson, C. and  Lajoie, S. P},
editor={Norbert M. Seel},
title={Learning with Games},
bookTitle={Encyclopedia of the Sciences of Learning},
year={2011},
publisher={Springer Verlag},
pages={2019--2014}
}

@MISC{Lefrance_atlantic2017,
 author = {Adrienne Lefrance},
 editor = {The Atlantic},
 title = {{The Story of Twitter's Fail Whale}},
 howpublished = {Available at:~\url{https://www.theatlantic.com/technology/archive/2015/01/the-story-behind-twitters-fail-whale/384313/}},
 note= {{A}ccessed February 15},
 year = {2017}
}

@MISC{Blankfeld2017forbes,
 author = {Blankfeld, Keren},
 editor = {Forbes Magazine},
 title = {{Foursquare Goes Beyond Social Media To Forecast Business Trends}},
 howpublished = {Available at:~\url{https://www.forbes.com/sites/kerenblankfeld/2016/10/18/foursquare-goes-beyond-social-media-to-forecast-business-trends}},
 note= {{A}ccessed February 15},
 year = {2017}
}

@article{Berkling2013,
author = {Berkling, Kay and Thomas, Christoph},
journal = {2013 International Conference on Interactive Collaborative Learning, ICL 2013},
number = {September},
pages = {525--530},
title = {{Gamification of a software engineering course and a detailed analysis of the factors that lead to it's failure}},
year = {2013}
}


@article{Mekler2015,
author = {Mekler, Elisa D. and Br{\"{u}}hlmann, Florian and Tuch, Alexandre N. and Opwis, Klaus},
journal = {Computers in Human Behavior},
pages = {1--10},
publisher = {Elsevier Ltd},
title = {{Towards understanding the effects of individual gamification elements on intrinsic motivation and performance}},
year = {2015}
}

@article{Lieberoth2015,
author = {Lieberoth, Andreas},
journal = {Games and Culture},
number = {3},
pages = {229--248},
title = {{Shallow Gamification Testing Psychological Effects of Framing an Activity as a Game}},
volume = {10},
year = {2015}
}

@book{Dichev2017,
author = {Dichev, Christo and Dicheva, Darina},
booktitle = {International Journal of Educational Technology in Higher Education},
number = {1},
pages = {9},
publisher = {International Journal of Educational Technology in Higher Education},
title = {{Gamifying education: what is known, what is believed and what remains uncertain: a critical review}},
volume = {14},
year = {2017}
}



@inproceedings{linehan2011,
 author = {Linehan, Conor and Kirman, Ben and Lawson, Shaun and Chan, Gail},
 title = {Practical, Appropriate, Empirically-validated Guidelines for Designing Educational Games},
 booktitle = {Proceedings of the SIGCHI Conference on Human Factors in Computing Systems},
 series = {CHI '11},
 year = {2011},
 location = {Vancouver, BC, Canada},
 pages = {1979--1988},
 numpages = {10},
 publisher = {ACM},
 address = {New York, NY, USA},
} 


@MISC{catt_lab2017,
 author = {{Center for Advanced Transportation Technology Laboratory}},
 title = {{Virtual Incident Management Training}},
 howpublished = {Available at:~\url{http://www.cattlab.umd.edu/?portfolio=virtual-incident-management-training-2}},
 note= {{A}ccessed February 15},
 year = {2017}
}

@article{pack2010VIMS,
author = {Michael L. Pack},
title = {Visualization in Transportation: Challenges and Opportunities for Everyone},
journal = {IEEE Computer Graphics and Applications},
volume = {30},
number = {},
issn = {0272-1716},
year = {2010},
pages = {90-96},
publisher = {IEEE Computer Society},
address = {Los Alamitos, CA, USA},
}

@ARTICLE{petersen2008,
author = {Kai Petersen and Robert Feldt and Shahid Mujtaba and Michael Mattsson},
title = {Systematic Mapping Studies in Software Engineering},
journal = {12th International Conference on Evaluation and Assessment in Software Engineering (EASE)},
pages = {71--80},
year = {2008},
}

@article{Andrade2016,
author = {Andrade, Fernando R. H. and Marques, Leonardo B. and Bittencourt, Ig I. and Isotani, Seiji},
number = {CBIE},
pages = {637--646},
title = {{QPJ - BR : Question{\'{a}}rio para Identifica{\c{c}}{\~{a}}o de Perfis de Jogadores para o Portugu{\^{e}}s - Brasileiro}},
year = {2016}
}


@book{myers1985manual,
  title={Manual: A guide to the development and use of the Myers-Briggs Type Indicator},
  author={Myers, Isabel Briggs and McCaulley, Mary H and Most, Robert},
  volume={1985},
  year={1985},
  publisher={Consulting Psychologists Press Palo Alto, CA}
}

@article{Nacke2014,
author = {Nacke, Lennart E. and Bateman, Chris and Mandryk, Regan L.},
journal = {Entertainment Computing},
month = {jan},
number = {1},
pages = {55--62},
publisher = {Elsevier},
title = {{BrainHex: A neurobiological gamer typology survey}},
volume = {5},
year = {2014}
}

@article{yee2006motivations,
  title={Motivations for play in online games},
  author={Yee, Nick},
  journal={CyberPsychology \& behavior},
  volume={9},
  number={6},
  pages={772--775},
  year={2006},
  publisher={Mary Ann Liebert, Inc}
}

@incollection{Bartle2009,
author = {Bartle, Richard},
booktitle = {Beyond game design : nine steps towards creating better videogames},
chapter = {4},
pages = {117 -- 133},
title = {{Understand the Limits of Theory}},
volume = {1968},
year = {2009}
}

@inproceedings{bateman2011player,
  title={Player typology in theory and practice},
  author={Bateman, Chris and Lowenhaupt, Rebecca and Nacke, Lennart E},
  booktitle={Proceedings of DiGRA},
  pages={1--24},
  year={2011}
}

@book{fullerton2008,
author = {Fullerton, Tracy},
edition = {2},
month = {feb},
series={Gama Network Series},
publisher = {Morgan Kaufmann},
title = {Game Design Workshop, Second Edition: A Playcentric Approach to Creating Innovative Games},
year = {2008},
}

@book{zichermann2011gamification,
  title={Gamification by design: Implementing game mechanics in web and mobile apps},
  author={Zichermann, Gabe and Cunningham, Christopher},
  year={2011},
  publisher={" O'Reilly Media, Inc."}
}

@book{zichermann2010game,
  title={Game-based marketing: inspire customer loyalty through rewards, challenges, and contests},
  author={Zichermann, Gabe and Linder, Joselin},
  year={2010},
  publisher={John Wiley \& Sons}
}

@book{werbach2012win,
  title={For the win: How game thinking can revolutionize your business},
  author={Werbach, Kevin and Hunter, Dan},
  year={2012},
  publisher={Wharton Digital Press}
}

@inproceedings{robinson2013preliminary,
  title={A preliminary taxonomy of gamification elements for varying anticipated commitment},
  author={Robinson, David and Bellotti, Victoria},
  booktitle={Proc. ACM CHI 2013 Workshop on Designing Gamification: Creating Gameful and Playful Experiences},
  year={2013}
}

@book{kapp2012gamification,
title={The gamification of learning and instruction: game-based methods and strategies for training and education},
author={Kapp, Karl M},
series={Pfeiffer essential resources for training and HR professionals},
year={2012},
publisher={John Wiley \& Sons}
}


@book{ferro2016gamification,
title={Gamification with Unity 5. X},
author={Ferro, Lauren S.},
year={2016},
pages={328},
publisher={Packt Publishing, Limited}
}


@Inbook{Huynh2016,
author= {Huynh, Duy
and Zuo, Long
and Iida, Hiroyuki},
editor= {Bottino, Rosa
and Jeuring, Johan
and Veltkamp, Remco C.},
title= {Analyzing Gamification of ``Duolingo'' with Focus on Its Course Structure},
bookTitle= {Games and Learning Alliance: 5th International Conference, GALA 2016, Utrecht, The Netherlands, December 5--7, 2016, Proceedings},
year={2016},
publisher= {Springer International Publishing},
address= {Cham},
pages= {268--277},
}

@MISC{youtube_bartle,
 author = {Bartle, Richard},
 title = {{Player Type Theory: Uses and Abuses - Richard BARTLE}},
 howpublished = {Available at:~\url{https://www.youtube.com/watch?v=ZIzLbE-93nc}},
 note= {{A}ccessed February 15},
 year = {2017}
}


@article{Bartle1996,
author = {Bartle, Richard},
journal = {Journal of MUD research},
number = {1},
pages = {19},
title = {{Hearts, clubs, diamonds, spades: Players who suit MUDs}},
volume = {1},
year = {1996}
}


@INPROCEEDINGS{hunicke2004,
author = {Robin Hunicke and Marc Leblanc and Robert Zubek},
title = {MDA: A formal approach to game design and game research},
booktitle = {In Proceedings of the Challenges in Games AI Workshop, Nineteenth National Conference of Artificial Intelligence},
year = {2004},
pages = {1--5},
publisher = {Press}
}


@conference{Ferro2013,
author = {Ferro, Lauren S and Walz, Steffen P and Greuter, Stefan},
booktitle = {Proceedings of The 9th Australasian Conference on Interactive Entertainment Matters of Life and Death - IE '13},
pages = {1--6},
publisher = {ACM Press},
title = {{Towards personalised, gamified systems}},
year = {2013}
}


@article{Sailer2017,
author = {Sailer, Michael and Hense, Jan Ulrich and Mayr, Sarah Katharina and Mandl, Heinz},
journal = {Computers in Human Behavior},
pages = {371--380},
publisher = {Elsevier Ltd},
title = {{How gamification motivates: An experimental study of the effects of specific game design elements on psychological need satisfaction}},
volume = {69},
year = {2017}
}


@inproceedings{Deterding2011,
author = {Deterding, Sebastian and Sicart, Miguel and Nacke, Lennart and O'Hara, Kenton and Dixon, Dan},
booktitle = {Proceedings of the 2011 annual conference extended abstracts on Human factors in computing systems - CHI EA '11},
publisher = {ACM Press},
title = {{From game design elements to gamefulness: Defining "Gamification"}},
year = {2011}
}


@article{Motivation_in_a_computer-supported_collaborative_learning,
author = {Schoor, C.a and Bannert, M.b},
journal = {Learning and Instruction},
number = {4},
pages = {560--573},
title = {{Motivation in a computer-supported collaborative learning scenario and its impact on learning activities and knowledge acquisition}},
volume = {21},
year = {2011}
}


@phdthesis{An_Ontological_Engineering_Approach_tese,
author = {Isotani, Seiji},
pages = {206},
school = {Osaka University},
title = {{An Ontological Engineering Approach to Computer-Supported Collaborative Learning: From Theory to Pratice}},
year = {2008}
}


@inproceedings{Does_Gamification_Work,
author = {Hamari, Juho and Koivisto, Jonna and Sarsa, Harri},
booktitle = {2014 47th Hawaii International Conference on System Sciences},
month = {jan},
pages = {3025--3034},
publisher = {IEEE},
title = {{Does Gamification Work? -- A Literature Review of Empirical Studies on Gamification}},
year = {2014}
}


@Inbook{A_Link_Between_Worlds,
author="Borges, Simone S.
and Mizoguchi, Riichiro
and Durelli, Vinicius H. S.
and Bittencourt, Ig. I.
and Isotani, Seiji",
editor="Koch, Fernando
and Koster, Andrew
and Primo, Tiago
and Guttmann, Christian",
title="A Link Between Worlds: Towards a Conceptual Framework for Bridging Player and Learner Roles in Gamified Collaborative Learning Contexts",
bookTitle="Advances in Social Computing and Digital Education: 2016",
year="2016",
publisher="Springer International Publishing",
pages="19--34"
}

@article{Demographic_differences_in_perceived_benefits,
author = {Koivisto, Jonna and Hamari, Juho},
journal = {Computers in Human Behavior},
month = {jun},
pages = {179--188},
publisher = {Elsevier Ltd},
title = {{Demographic differences in perceived benefits from gamification}},
volume = {35},
year = {2014}
}

@inbook{The_Bright_and_Dark_Sides_of_Gamification,
author = {Andrade, Fernando R H and Mizoguchi, Riichiro and Isotani, Seiji},
booktitle = {Intelligent Tutoring Systems: 13th International Conference, ITS 2016, Zagreb, Croatia, June 7-10, 2016. Proceedings},
editor = {Micarelli, Alessandro and Stamper, John and Panourgia, Kitty},
pages = {176--186},
publisher = {Springer International Publishing},
title = {{The Bright and Dark Sides of Gamification}},
year = {2016}
}

@article{Beyond_Talk_Creating_Autonomous_Motivation,
author = {Stone, Dan and Deci, Edward L. and Ryan, Richard M.},
journal = {JOURNAL OF GENERAL MANAGEMENT},
number = {35},
pages = {75--91},
title = {{Beyond Talk : Creating Autonomous Motivation through Self-Determination Theory By}},
volume = {1},
year = {2009}
}


@article{Self-determination_theory_and_the_facilitation,
author = {Ryan, RM and Deci, EL},
journal = {American psychologist},
number = {1},
pages = {68--78},
title = {{Self-determination theory and the facilitation of intrinsic motivation, social development, and well-being.}},
volume = {55},
year = {2000}
}

@article{Computer_supported_team_based_learning,
author = {Gomez, Elizabeth Avery and Wu, Dezhi and Passerini, Katia},
journal = {Computers {\&} Education},
number = {1},
pages = {378--390},
title = {{Computer-supported team-based learning: The impact of motivation, enjoyment and team contributions on learning outcomes}},
volume = {55},
year = {2010}
}

@inproceedings{Borges2014SAC,
author = {Borges, Simone S. and Durelli, Vinicius H S and Reis, Helena Macedo and Isotani, Seiji},
booktitle = {Proceedings of the 29th Annual ACM Symposium on Applied Computing - SAC '14},
pages = {216--222},
publisher = {ACM Press},
title = {{A systematic mapping on gamification applied to education}},
year = {2014}
}


@inbook{Gamification_definition,
author = {Martens, Alke and M{\"{u}}ller, Wolfgang},
booktitle = {Handbook of Digital Games and Entertainment Technologies},
editor = {Nakatsu, Ryohei and Rauterberg, Matthias and Ciancarini, Paolo},
pages = {909--931},
publisher = {Springer Singapore},
title = {{Gamification}},
year = {2017}
}


@article{The_interrelationship_of_emotion_and_cognition,
author = {Robinson, Kathy},
journal = {Computers and Education},
month = {mar},
pages = {298--307},
title = {{The interrelationship of emotion and cognition when students undertake collaborative group work online: An interdisciplinary approach}},
volume = {62},
year = {2013}
}

@inbook{Gamification_of_Collaborative_Learning,
author = {Challco, Geiser Chalco and Mizoguchi, Riichiro and Bittencourt, Ig Ibert and Isotani, Seiji},
booktitle = {Social Computing in Digital Education},
editor = {Koch, Fernando and Koster, Andrew and Primo, Tiago},
pages = {12--28},
publisher = {Springer International Publishing},
title = {{Gamification of Collaborative Learning Scenarios: Structuring Persuasive Strategies Using Game Elements and Ontologies}},
year = {2016}
}

@article{Causal_Relationships_Between,
author = {Fushino, Kumiko},
journal = {TESOL Quarterly},
number = {4},
pages = {700--724},
title = {{Causal Relationships Between Communication Confidence, Beliefs About Group Work, and Willingness to Communicate in Foreign Language Group Work}},
volume = {44},
year = {2010}
}

@BOOK{the_craft_of_research,
 author = {Wayne C. Booth and Gregory G. Colomb and Joseph M. Williams}, 
 publisher = {{University Of Chicago Press}}, 
 pages = {317},
 edition = {3rd},
 title = {{The Craft of Research (Chicago Guides to Writing, Editing, and Publishing)}},
 year = {2008}
}

@article{CSCL_historical_perspective,
author = {Stahl, Gerry and Koschmann, Timothy and Suthers, Dan},
title = {Cambridge handbook of the learning sciences},
pages = {409--426},
title = {{Computer-supported collaborative learning: An historical perspective}},
year = {2006}
}

@article{From_mirroring_to_guiding,
author = {Soller, A. and Mart{\'{i}}nez, A. and Jermann, P. and Muehlenbrock, M.},
journal = {International Journal of Artificial Intelligence in Education},
number = {4},
pages = {261--290},
title = {{From mirroring to guiding: A review of state of the art technology for supporting collaborative learning}},
volume = {15},
year = {2005}
}

@inproceedings{CSCL_and_Innovation,
author = {Roschelle, J and Patton, C and Schank, P and Penuel, W and Looi, C.-K. and Chen, W and Chan, A and Prieto, L P and Villagr{\'{a}}-Sobrino, S and Dimitriadis, Y},
title = {Computer-Supported Collaborative Learning Conference Proceedings Volume III - Community Events},
pages = {1073--1080},
title = {{CSCL and Innovation: In classrooms, with teachers, among school leaders, in schools of education}},
volume = {III},
year = {2011}
}

@book{Collaborative_Learning_Techniques,
author = {Barkley, E F and Major, C H and Cross, K P},
edition = {2nd},
pages = {456},
publisher = {Wiley},
series = {Jossey-Bass higher and adult education series},
title = {{Collaborative Learning Techniques: A Handbook for College Faculty}},
year = {2014}
}

@article{Over-scripting_CSCL,
author = {Dillenbourg, P},
journal = {Three worlds of CSCL. Can we support CSCL},
pages = {61--91},
title = {{Over-scripting CSCL: The risks of blending collaborative learning with instructional design}},
year = {2002}
}

@article{The_pedagogical_challenges_to_collaborative_technologies,
author = {Laurillard, Diana},
journal = {International Journal of Computer-Supported Collaborative Learning},
number = {1},
pages = {5--20},
publisher = {Springer US},
title = {{The pedagogical challenges to collaborative technologies}},
volume = {4},
year = {2009}
}

@article{Designing_for_interaction,
author = {Strijbos, J.W. and Martens, R.L. and Jochems, W.M.G.},
journal = {Computers {\&} Education},
month = {may},
number = {4},
pages = {403--424},
title = {{Designing for interaction: Six steps to designing computer-supported group-based learning}},
volume = {42},
year = {2004}
}

@article{Theory-Driven_Group_Formation,
author = {Isotani, Seiji and Mizoguchi, Riichiro},
journal = {Intelligent Tutoring Systems},
keywords = {Computer aided instruction,E-learning,Intelligent,collaborative learning,group formation,ontological engineering},
pages = {646--655},
title = {{Theory-Driven Group Formation through Ontologies}},
volume = {5091 LNCS},
year = {2008}
}

@article{Why_some_groups_fail,
author = {Feichtner, SB and Davis, EA},
journal = {Journal of Management Education},
month = {nov},
number = {4},
pages = {58--73},
title = {{Why some groups fail: A survey of students' experiences with learning groups}},
volume = {9},
year = {1984}
}

@article{An_ontology_engineering_approach,
author = {Isotani, Seiji and Inaba, Akiko and Ikeda, Mitsuru and Mizoguchi, Riichiro},
journal = {International Journal of Computer-Supported Collaborative Learning},
month = {aug},
number = {4},
pages = {445--478},
title = {{An ontology engineering approach to the realization of theory-driven group formation}},
volume = {4},
year = {2009}
}

@article{Adaptive_and_Intelligent_Systems_for_Collaborative_Learning_Support,
author = {Magnisalis, Ioannis and Demetriadis, Stavros and Karakostas, Anastasios},
journal = {IEEE Transactions on Learning Technologies},
month = {jan},
number = {1},
pages = {5--20},
title = {{Adaptive and Intelligent Systems for Collaborative Learning Support: A Review of the Field}},
volume = {4},
year = {2011}
}

@article{What_do_you_mean_by,
author = {Dillenbourg, Pierre},
journal = {Collaborative learning Cognitive and computational approaches},
keywords = {collaborative learning,role design,self-reflection,social contract},
number = {6},
pages = {1--15},
title = {{What do you mean by 'collaborative learning'?}},
volume = {1},
year = {1999}
}


@article{Specifying_computer_supported_collaboration_scripts,
author = {Kobbe, Lars and Weinberger, Armin and Dillenbourg, Pierre and Harrer, Andreas and H{\"{a}}m{\"{a}}l{\"{a}}inen, Raija and H{\"{a}}kkinen, P{\"{a}}ivi and Fischer, Frank},
journal = {International Journal of Computer-Supported Collaborative Learning},
number = {2-3},
pages = {211--224},
title = {{Specifying computer-supported collaboration scripts}},
volume = {2},
year = {2007}
}

@article{Improving_e-learning_communities,
author = {Dascalu, Maria-Iuliana and Bodea, Constanta-Nicoleta and Lytras, Miltiadis and de Pablos, Patricia Ordo{\~{n}}ez and Burlacu, Alexandru},
journal = {Computers in Human Behavior},
month = {jan},
pages = {362--371},
title = {{Improving e-learning communities through optimal composition of multidisciplinary learning groups}},
volume = {30},
year = {2014}
}

@Inbook{Group_Formation_Algorithms,
author="Cruz, Wilmax Marreiro
and Isotani, Seiji",
editor="Baloian, Nelson
and Burstein, Frada
and Ogata, Hiroaki
and Santoro, Flavia
and Zurita, Gustavo",
title="Group Formation Algorithms in Collaborative Learning Contexts: A Systematic Mapping of the Literature",
booktitle="Collaboration and Technology: Proceedings of the 20th International Conference, CRIWG 2014",
year="2014",
publisher="Springer International Publishing",
pages="199--214"
}


